@book{nagata:tplgy,
  title     = {Modern General Topology},
  publisher = {Elsevier Science and Technology, United States},
  author    = {Nagata Junichi},
  year      = {1985}
}
@book{bour:tplgy,
  title     = {General Topology, Chapters1-4},
  publisher = {Springer-Verlag, Berlin},
  author    = {Nicolas Bourbaki},
  year      = {1990}
}